@misc{bibtex,
	author = {Alexander Feder},
	title = {About {BibTeX}},
	howpublished = {\url{http://www.bibtex.org/About/}},
	year = {2006}
}

@article{wu2013curiosity,
  title={Curiosity: From psychology to computation},
  author={Wu, Qiong and Miao, Chunyan},
  journal={ACM Computing Surveys (CSUR)},
  volume={46},
  number={2},
  pages={18},
  year={2013},
  publisher={ACM}
}

@article{kashdan2004curiosity,
  title={Curiosity and exploration: Facilitating positive subjective experiences and personal growth opportunities},
  author={Kashdan, Todd B and Rose, Paul and Fincham, Frank D},
  journal={Journal of personality assessment},
  volume={82},
  number={3},
  pages={291--305},
  year={2004},
  publisher={Taylor \& Francis}
}

@article{kashdan2010curiosity,
  title={Curious?: Discover the Missing Ingredient to a Fulfilling Life .},
  author={Kashdan, Todd B},
  year={2010},
  publisher={Harper Paperbacks}
}

@article{loewenstein1994psychology,
  title={The psychology of curiosity: A review and reinterpretation.},
  author={Loewenstein, George},
  journal={Psychological bulletin},
  volume={116},
  number={1},
  pages={75},
  year={1994},
  publisher={American Psychological Association}
}

@inproceedings{macedo2005role,
  title={The role of surprise, curiosity and hunger on exploration of unknown environments populated with entities},
  author={Macedo, Lu{\'\i}s and Cardoso, Am{\'\i}lcar},	
  booktitle={2005 portuguese conference on artificial intelligence},
  pages={47--53},
  year={2005},
  organization={IEEE}
}

@inproceedings{pang2009curiosity,
  title={Curiosity driven incremental LDA agent active learning},
  author={Pang, Shaoning and Ozawa, Seiichi and Kasabov, Nik},
  booktitle={2009 International Joint Conference on Neural Networks},
  pages={2401--2408},
  year={2009},
  organization={IEEE}
}

@inproceedings{karaoguz2011curiosity,
  title={Curiosity driven exploration of sensory-motor mappings},
  author={Karaoguz, Cem and Potapova, Ekaterina and Drix, Damien and H{\"u}lse, Martin and others},
  booktitle={Deliverable for the IM-CLeVer spring school at the Capo Caccia cognitive neuromorphic engineering workshop},
  pages={1--7},
  year={2011}
}

@inproceedings{schmidhuber1991possibility,
  title={A possibility for implementing curiosity and boredom in model-building neural controllers},
  author={Schmidhuber, J{\"u}rgen},
  booktitle={Proc. of the international conference on simulation of adaptive behavior: From animals to animats},
  pages={222--227},
  year={1991}
}

@article{schmidhuber2006developmental,
  title={Developmental robotics, optimal artificial curiosity, creativity, music, and the fine arts},
  author={Schmidhuber},
  journal={Connection Science},
  volume={18},
  number={2},
  pages={173--187},
  year={2006},
  publisher={Taylor \& Francis}
}

@article{oudeyer2004intelligent,
  title={Intelligent adaptive curiosity: a source of self-development},
  author={Pierre-Yves Oudeyer, Frederic Kaplan},
  year={2004},
  publisher={Lund University Cognitive Studies}
}

@article{burda2018large,
  title={Large-scale study of curiosity-driven learning},
  author={Burda, Yuri and Edwards, Harri and Pathak, Deepak and Storkey, Amos and Darrell, Trevor and Efros, Alexei A},
  journal={arXiv preprint arXiv:1808.04355},
  year={2018}
}

@misc{openairl,
	author = {Yura Burda and Harri Edwards},
	title = {Reinforcement Learning with Prediction-Based Rewards},
	howpublished = {\url{https://openai.com/blog/reinforcement-learning-with-prediction-based-rewards/}},
	year = {2008}
}

@article{legg2007universal,
  title={Universal intelligence: A definition of machine intelligence},
  author={Legg, Shane and Hutter, Marcus},
  journal={Minds and machines},
  volume={17},
  number={4},
  pages={391--444},
  year={2007},
  publisher={Springer}
}

@misc{gottfredson1997mainstream,
  title={Mainstream science on intelligence: An editorial with 52 signatories, history, and bibliography},
  author={Gottfredson, Linda S},
  year={1997},
  publisher={Citeseer}
}

@article{treanor2015ai,
  title={AI-based game design patterns},
  author={Treanor, Mike and Zook, Alexander and Eladhari, Mirjam P and Togelius, Julian and Smith, Gillian and Cook, Michael and Thompson, Tommy and Magerko, Brian and Levine, John and Smith, Adam},
  year={2015},
  publisher={Society for the Advancement of Digital Games}
}

@article{schaul2011measuring,
  title={Measuring intelligence through games},
  author={Schaul, Tom and Togelius, Julian and Schmidhuber, J{\"u}rgen},
  journal={arXiv preprint arXiv:1109.1314},
  year={2011}
}

@misc{halo2,
	author = {Robert Valdes},
	title = {The Artificial Intelligence of Halo 2},
	howpublished = {\url{https://electronics.howstuffworks.com/halo2-ai.htm}},
	year = {2004}
}

@misc{gdchalo2,
	author = {Damian Isla},
	title = {Handling Complexity in the Halo 2 AI},
	howpublished = {\url{https://www.gamasutra.com/view/feature/130663/gdc-2005-proceeding-handling}},
	year = {2005}
}

@misc{gamemakertoolkit,
	author = {Mark Brown},
	title = {What Makes Good AI? | Game Maker's Toolkit},
	howpublished = {\url{https://www.youtube.com/watch?v=9bbhJi0NBkk}},
	year = {2017}
}

@article{seller2019horrific,
  title={Horrific Things: Alien Isolation and the Queer Materiality of Gender, Desire and Being},
  author={Seller, Merlin},
  journal={Gender and Contemporary Horror in Comics, Games and Transmedia (Emerald Studies in Popular Culture and Gender), Emerald Publishing Limited},
  pages={43--55},
  year={2019}
}

@misc{alphago,
	author = {David Silver and Demis Hassabis},
	title = {AlphaGo: Mastering the ancient game of Go with Machine Learning},
	howpublished = {\url{https://ai.googleblog.com/2016/01/alphago-mastering-ancient-game-of-go.html}},
	year = {2016}
}

@misc{montezumarevenge,
	author = {Tim Salimans \& Richard Chen},
	title = {Learning Montezumaâ€™s Revenge from a Single Demonstration},
	howpublished = {\url{https://openai.com/blog/learning-montezumas-revenge-from-a-single-demonstration/}},
	year = {2018}
}

@inproceedings{orkin2006three,
  title={Three states and a plan: the AI of FEAR},
  author={Orkin, Jeff},
  booktitle={Game Developers Conference},
  volume={2006},
  pages={4},
  year={2006}
}

@inproceedings{chaslot2008monte,
  title={Monte-Carlo Tree Search: A New Framework for Game AI.},
  author={Chaslot, Guillaume and Bakkes, Sander and Szita, Istvan and Spronck, Pieter},
  booktitle={AIIDE},
  year={2008}
}

@article{gelly2011monte,
  title={Monte-Carlo tree search and rapid action value estimation in computer Go},
  author={Gelly, Sylvain and Silver, David},
  journal={Artificial Intelligence},
  volume={175},
  number={11},
  pages={1856--1875},
  year={2011},
  publisher={Elsevier}
}

@article{gelly2012grand,
  title={The grand challenge of computer Go: Monte Carlo tree search and extensions},
  author={Gelly, Sylvain and Kocsis, Levente and Schoenauer, Marc and Sebag, Michele and Silver, David and Szepesv{\'a}ri, Csaba and Teytaud, Olivier},
  journal={Communications of the ACM},
  volume={55},
  number={3},
  pages={106--113},
  year={2012},
  publisher={ACM}
}

@misc{behaviourtreeofhalo2,
	author = {Tommy Thompson},
	title = {Outsmarting The Covenant},
	howpublished = {\url{https://aiandgames.com/outsmarting-the-covenant/}},
	year = {2015}
}

@misc{perfectalienai,
	author = {Tommy Thompson},
	title = {The Perfect Organism: The AI of Alien: Isolation},
	howpublished = {\url{https://www.gamasutra.com/blogs/TommyThompson/20171031/308027/The-Perfect-Organism-The-AI-of-Alien-Isolation.php}},
	year = {2017}
}

@misc{aiinvideogames,
	author = {Laura E. Shummon Maass and Andy Luc},
	title = {Artificial Intelligence in Video Games},
	howpublished = {\url{https://towardsdatascience.com/artificial-intelligence-in-video-games-3e2566d59c22}}
}